<?xml version="1.0" encoding="UTF-8"?><collection xmlns="http://www.loc.gov/MARC21/slim"><record><leader>00383nam--2200145-i-4500</leader><controlfield tag="001">000015518</controlfield><controlfield tag="002">20161230</controlfield><controlfield tag="005">20170222163257</controlfield><controlfield tag="008">060222s1000------------r-----000-0-eng-d</controlfield><datafield ind1=" " ind2=" " tag="245"><subfield code="a">Lexicon de termodinamica si masini termice Vol.I: a-e</subfield></datafield><datafield ind1=" " ind2=" " tag="260"><subfield code="a">Bucuresti</subfield><subfield code="b">Ed.Tehnica</subfield><subfield code="c">1985</subfield></datafield><datafield ind1=" " ind2=" " tag="300"><subfield code="a">343 p</subfield></datafield><datafield ind1=" " ind2=" " tag="700"><subfield code="a">Danescu, Alexandru</subfield></datafield><datafield ind1=" " ind2=" " tag="852"><subfield code="a">621.1.01</subfield></datafield><datafield ind1=" " ind2=" " tag="CAT"><subfield code="a">SYS</subfield><subfield code="c">20170222</subfield><subfield code="h">163257</subfield></datafield></record></collection>